@book{ryser1963combinatorial,
  title={Combinatorial mathematics},
  author={Ryser, Herbert John},
  volume={14},
  series={The Carus Mathematical Monographs},
  year={1963},
  publisher={American Mathematical Soceity}
}